@book{aiw,
    title = "Alice's Adventures in Wonderland",
    author = "Lewis Carroll",
    publisher = "George MacDonald",
    year = 1865
}

@online{Tailwind,
  author       = {{Tailwind Labs}},
  title        = {Tailwind CSS — Utility-first CSS framework},
  year         = {2025},
  url          = {https://tailwindcss.com/},
  note         = {Accessed: 2025-11-01}
}

@online{Mantine,
  author       = {{Mantine}},
  title        = {Mantine — React components library},
  year         = {2025},
  url          = {https://mantine.dev/},
  note         = {Accessed: 2025-11-01}
}